<?xml version="1.0" encoding="UTF-8"?><collection xmlns="http://www.loc.gov/MARC21/slim"><record><leader>00499nam--2200169-u-4500</leader><controlfield tag="001">000055619</controlfield><controlfield tag="002">20161230</controlfield><controlfield tag="005">20161230201052</controlfield><controlfield tag="008">130301s1000------------r-----000-0-eng-d</controlfield><datafield ind1=" " ind2=" " tag="040"><subfield code="a">IFIN-HH</subfield></datafield><datafield ind1=" " ind2=" " tag="080"><subfield code="a">547(03)</subfield></datafield><datafield ind1="1" ind2=" " tag="100"><subfield code="a">Dawydoff, Wladimir</subfield></datafield><datafield ind1="1" ind2="0" tag="245"><subfield code="a">Technical dictionary of high polymers hochpolymere hauts polymeres visokopolimeri</subfield><subfield code="c">Wladimir dawydoff, horst howorka</subfield></datafield><datafield ind1=" " ind2=" " tag="260"><subfield code="a">Berlin</subfield><subfield code="b">Veb Verlag Techink</subfield><subfield code="c">1969</subfield></datafield><datafield ind1=" " ind2=" " tag="300"><subfield code="a">959P</subfield></datafield><datafield ind1=" " ind2=" " tag="852"><subfield code="a">D.450</subfield><subfield code="c">SLC</subfield></datafield><datafield ind1=" " ind2=" " tag="CAT"><subfield code="a">Sys</subfield><subfield code="c">20130301</subfield><subfield code="h">132111</subfield></datafield></record></collection>